<record><leader>00000cas a22000007a 4500</leader><controlfield tag="001">14628266</controlfield><controlfield tag="008">861103d18561859wiuwr ne      0    0eng d</controlfield><datafield ind1=" " ind2=" " tag="010"><subfield code="a">sn 86086756 </subfield></datafield><datafield ind1=" " ind2=" " tag="040"><subfield code="a">NPV</subfield><subfield code="b">eng</subfield><subfield code="c">NPV</subfield><subfield code="d">OCLCQ</subfield></datafield><datafield ind1=" " ind2=" " tag="042"><subfield code="a">msc</subfield></datafield><datafield ind1="0" ind2=" " tag="130"><subfield code="a">Conservator (Menasha, Wis.)</subfield></datafield><datafield ind1="1" ind2="4" tag="245"><subfield code="a">The conservator.</subfield></datafield><datafield ind1="3" ind2="0" tag="246"><subfield code="a">Weekly conservator</subfield></datafield><datafield ind1=" " ind2=" " tag="260"><subfield code="a">Neenah &amp; Menasha, Wis. :</subfield><subfield code="b">Harrison Reed,</subfield><subfield code="c">1856-1859.</subfield></datafield><datafield ind1=" " ind2=" " tag="300"><subfield code="a">v.</subfield></datafield><datafield ind1=" " ind2=" " tag="310"><subfield code="a">Weekly</subfield></datafield><datafield ind1="0" ind2=" " tag="362"><subfield code="a">Vol. 1, no. 1 (May 14, 1856)-v. 5, no. 7 (Nov. 28, 1859).</subfield></datafield><datafield ind1=" " ind2=" " tag="500"><subfield code="a">Publisher varies.</subfield></datafield><datafield ind1=" " ind2=" " tag="500"><subfield code="a">Place of publication varies: Menasha, &lt;Oct. 15, 1859&gt;-Nov. 28, 1859.</subfield></datafield><datafield ind1=" " ind2=" " tag="752"><subfield code="a">United States</subfield><subfield code="b">Wisconsin</subfield><subfield code="c">Winnebago</subfield><subfield code="d">Menasha.</subfield></datafield><datafield ind1=" " ind2=" " tag="752"><subfield code="a">United States</subfield><subfield code="b">Wisconsin</subfield><subfield code="c">Winnebago</subfield><subfield code="d">Neenah.</subfield></datafield><datafield ind1="0" ind2="0" tag="785"><subfield code="t">Menasha conservator</subfield><subfield code="w">(DLC)sn 86086757</subfield></datafield></record>